1587 2883
606 155 782 213 (155)

229 248 450 292 Gladiolus
467 248 673 289 hirsutus.
691 250 733 290 b.
754 249 870 291 Noh.
893 249 942 289 in
965 258 1076 291 cart.
1093 266 1207 308 mag.
1231 252 1328 308 574.

234 318 454 361 Gladiolus
481 333 642 360 roseus.
667 319 924 360 Andrews’s
948 320 1121 375 reposit.
1149 337 1165 362 1
1180 338 1215 362 ι.

230 388 453 432 Watsonia
470 403 652 430 amoena.
669 387 748 444 (b.)
763 389 957 430 Persoon
971 405 1068 445 syn.
1092 405 1124 430 1.
1146 390 1199 432 45
1215 406 1226 445 3
1245 385 1331 447 ((-ιιῖ

165 458 245 513 jas
266 458 459 500 varietas
475 457 552 515 (a.)
572 466 635 500 est
650 458 886 500 TRITONIA
905 459 1093 516 capensis
1108 459 1116 500 !
1133 458 1148 515 )

233 528 454 570 Gladiolus
474 529 714 584 ambiguus.
736 528 918 570 Roemer
939 537 982 570 et
1005 529 1094 570 sch.
1115 537 1215 583 syst.
1238 546 1334 587 veg.

180 613 195 639 1
206 628 217 639 .
235 596 347 640 446?
363 598 554 656 (obsolia
565 614 749 640 nervosa
763 599 935 640 hirsuta
947 607 988 640 et
993 600 1135 656 flores
1152 614 1335 657 magnos

175 666 259 709 Ῑιὰε
277 685 305 709 a
327 668 580 725 Sprengelio
600 668 805 710 trahitur.
828 668 1108 725 Synonymon
1120 669 1255 710 nimis
1271 670 1334 710 in-

177 746 343 780 certam
366 739 406 780 si
427 739 507 780 soli
527 739 810 794 descriptioni
818 737 966 795 fisum
985 744 1077 781 est!
1089 742 1105 797 )

237 809 460 851 Gladiolus
498 817 795 851 mucronatus.
836 809 1054 851 Lamarck
1093 811 1252 852 illustr.
1298 828 1311 852 ι
1325 842 1335 852 .

188 895 204 919 l
218 894 229 919 1
242 877 291 935 9?
302 878 418 936 (cum
425 879 700 936 praecedente
717 880 847 921 idem.
856 881 938 921 An
950 880 1108 922 rectilis
1122 882 1338 924 BABIANAE

177 950 340 1005 species
351 950 374 989 Ρ
391 949 406 1006 )

61 1019 353 1060 merianellas.

240 1089 465 1132 Gladiolus
485 1090 775 1131 merianelhae.
799 1090 973 1132 leanh.
991 1091 1097 1132 diss.
1118 1107 1136 1133 1
1149 1107 1163 1132 1
1182 1107 1195 1147 3
1205 1093 1337 1147 prod.

181 1160 339 1218 7.flor.
357 1176 454 1216 cap.
490 1176 526 1201 1.
561 1176 606 1216 17
622 1176 656 1202 1.
678 1160 831 1203 Willd.
857 1177 922 1216 sp.
942 1161 1011 1217 pl.
1042 1177 1078 1202 1.
1098 1162 1197 1203 214.
1220 1162 1342 1203 Valzl

181 1245 326 1270 enam.
357 1243 396 1270 2.
422 1231 491 1285 95.
521 1230 704 1271 Roemer
729 1238 770 1271 et
799 1231 888 1273 sch.
919 1239 1023 1287 syst.
1052 1247 1149 1289 veg.
1188 1248 1221 1274 1.
1253 1232 1334 1273 422

180 1299 195 1355 (
214 1299 390 1340 excluso
408 1315 584 1356 semper
595 1300 773 1344 Milleri
790 1316 1024 1356 synonymo
1048 1302 1110 1343 ad
1131 1301 1341 1344 WATSO-

180 1381 297 1411 NIAM
319 1370 537 1412 humilem
565 1370 776 1412 attinente
796 1369 826 1426 ).

238 1440 460 1482 Gladiolus
492 1441 700 1483 hirsutus.
741 1439 818 1497 (v).
857 1440 1122 1496 tenuffloras.
1149 1440 1266 1482 Nob.
1295 1442 1342 1482 in

180 1517 290 1551 curt.
321 1526 435 1568 mag.
466 1510 642 1568 574(in
662 1518 783 1552 texta
802 1510 844 1568 );
867 1510 1010 1552 botan.
1040 1511 1190 1568 regist.
1224 1528 1264 1553 ν.
1300 1529 1340 1568 7.

186 1581 374 1636 append.

241 1650 463 1693 Gladiolus
489 1651 697 1693 hirsutus.
723 1650 796 1708 (e).
818 1651 1114 1692 merianellas.
1147 1651 1262 1692 Nob.
1296 1652 1341 1692 ιή

183 1728 293 1762 cart.
326 1736 441 1778 mag.
475 1736 554 1778 727
581 1721 687 1779 (fol.
709 1737 821 1764 vers.
842 1721 890 1761 in
909 1728 1031 1761 texta
1049 1719 1080 1777 ).

241 1791 487 1848 Antholyza
502 1793 767 1834 merianella.
787 1792 925 1833 Linn.
949 1799 1054 1848 syst.
1072 1807 1166 1849 veg.
1184 1791 1235 1847 87
1252 1807 1342 1847 3sp.

176 1862 244 1916 pl.
267 1861 282 1918 (
306 1861 412 1903 edit.
446 1862 602 1903 Reiclz.
625 1862 640 1919 )
672 1862 749 1904 103
776 1862 790 1919 (
815 1878 901 1903 non
933 1878 1032 1903 vero
1059 1861 1264 1903 Solanclri
1297 1862 1345 1902 in

186 1931 324 1972 Horti
351 1931 556 1974 kewensis
583 1932 687 1974 edit.
711 1932 884 1988 priore,
917 1948 1054 1989 neque
1087 1932 1276 1973 Cartisc'i
1300 1932 1346 1972 in

186 2000 268 2042 bot.
306 2017 420 2058 mag.
456 2002 534 2059 qai
565 2002 864 2046 WATSONIAM
903 2002 1156 2045 aletroidem
1188 2001 1345 2043 intelli-

181 2079 295 2127 gant
313 2069 344 2127 ).

244 2142 467 2185 Watsonia
495 2142 690 2185 humilis.
721 2143 914 2186 Persoon
937 2160 1030 2199 syn.
1063 2160 1098 2186 1.
1124 2142 1176 2186 42
1203 2143 1346 2200 (exc-l.

188 2211 371 2254 fllillero
391 2210 421 2267 ).

80 2282 269 2324 villosas.

254 2352 475 2395 Gladiolus
497 2354 686 2397 villosus.

251 2423 473 2465 Gladiolus
487 2424 678 2467 hirsutus
691 2424 769 2482 (v).
785 2425 900 2466 Nol).
925 2426 970 2465 in
990 2432 1099 2466 curt.
1116 2440 1231 2481 mag.
1249 2424 1348 2465 825.
