1587 2883
821 209 836 267 (
867 209 921 252 30
954 209 969 267 )

247 302 406 345 mentis
434 301 640 344 brevibus
668 301 809 344 firmis
835 304 1183 360 pubescentibus.
1212 304 1433 362 Stigmata
1458 319 1532 345 an-

246 386 508 443 gustissima,
528 383 1046 441 conduplicatoa-linearia
1057 417 1069 440 ‚
1084 387 1286 443 bipartita
1303 385 1533 443 segmentis

246 466 478 509 subtilibus
516 464 723 507 recurvis.
770 464 902 521 Caps.
948 466 1295 523 membranacea,
1329 468 1532 521 scariosa‚

247 548 612 601 ovato-rotunda,
641 546 961 603 trilobo-gibba
979 579 991 602 ‚
1023 549 1320 606 polysperma.
1352 549 1533 591 Semina

248 631 460 673 biserialia
476 662 487 685 ,
509 630 699 687 globosa.

303 753 475 795 Herboe
522 753 713 794 unciales
751 753 819 794 vel
857 753 1224 797 subdodrantales.
1262 753 1537 797 Bulbotaber

243 834 423 868 ovatum
457 832 729 865 attenuatum
764 825 1065 880 inaequilatus,
1095 824 1200 865 hinc
1233 826 1394 882 nempe
1419 839 1534 866 rece-

242 899 348 939 dens
375 894 608 949 obliquum
639 894 1020 951 immarginatum‚
1049 896 1171 937 illinc
1202 896 1466 937 extuberans
1492 903 1534 936 et

242 969 289 1008 in
311 965 555 1022 marginem
577 964 829 1020 fibrigeram
852 975 1100 1008 extensum.
1123 966 1257 1007 Folia
1276 966 1533 1024 duo-plura,

242 1045 439 1093 angusta,
467 1035 827 1090 subtetraquetra.
861 1035 1020 1078 Caules
1045 1045 1154 1078 teres
1180 1036 1378 1079 bifurcus
1400 1036 1415 1094 (
1434 1037 1533 1079 rat-(¹)

243 1109 476 1162 trifurcus,
493 1107 592 1148 rarc‘)
611 1107 662 1148 ab
688 1115 789 1148 ortu
811 1106 1053 1165 simplex),
1072 1122 1176 1148 cum
1194 1106 1303 1148 flore
1322 1107 1442 1148 ocius
1461 1107 1530 1150 vel

238 1196 342 1223 cum
380 1178 532 1220 fructu
567 1177 705 1218 serius
737 1178 784 1218 in
816 1185 1102 1235 conspectum
1133 1178 1325 1233 veniens.
1358 1177 1533 1220 Ramas

239 1261 424 1307 uterque
438 1249 656 1291 semiteres
667 1279 679 1303 ‚
699 1248 916 1290 uniflorus
928 1280 941 1304 9
957 1249 1009 1290 ad
1025 1249 1147 1290 basin
1162 1247 1318 1289 foliolo
1332 1248 1532 1306 stipatus,

240 1331 282 1364 et
296 1321 422 1363 facile
438 1334 520 1377 pro
536 1319 656 1360 caule
672 1318 895 1376 (subtel-r&
911 1321 1022 1377 saepe
1038 1318 1257 1377 haerente)
1276 1321 1531 1363 sumendus.

238 1391 447 1436 Peraffine
470 1389 655 1443 CR0003
679 1405 735 1431 ex
764 1398 884 1446 parte
914 1391 1045 1432 altera
1080 1391 1133 1432 ad
1165 1390 1445 1433 GLADIOLUM
1475 1407 1536 1434 ac-

238 1466 407 1506 cedens,
426 1461 493 1504 Ad
510 1459 651 1518 Caput
674 1461 804 1502 Bonae
820 1460 920 1519 Spei
943 1461 1150 1517 frequens
1170 1470 1211 1503 et
1228 1462 1506 1506 multiforme
1520 1495 1533 1518 ⁷

239 1536 284 1576 in
299 1534 489 1590 Europae
502 1531 830 1573 australioribus
846 1539 887 1572 et
902 1530 1061 1574 Africae
1079 1533 1427 1592 borealioribus(
1445 1536 1531 1589 quc

238 1605 412 1648 tandem
432 1601 617 1659 desinit.)
636 1603 797 1660 parum
824 1603 996 1644 varium
1018 1611 1059 1644 et
1081 1603 1231 1645 minus
1249 1602 1471 1658 frequens·

238 1727 576 1771 Bulbocodiam.

404 1798 700 1839 Trichonema
718 1797 1054 1840 Bulbocodium.
1069 1797 1186 1839 Nob.
1202 1798 1251 1839 itz
1265 1815 1371 1840 amz.
1391 1798 1532 1857 ofbot.

361 1886 397 1911 1.
423 1869 529 1922 2253
554 1867 602 1908 in
622 1875 733 1909 curt.
754 1883 875 1924 mag.
904 1867 1046 1925 1225(
1064 1868 1113 1909 in
1131 1876 1255 1910 textu
1267 1869 1299 1926 ).
1323 1869 1533 1922 Dryand.

355 1942 466 1983 hort.
492 1939 600 1981 kew.
623 1939 689 1980 ecl.
711 1953 750 1980 2.
774 1955 811 1980 1.
829 1938 902 1980 82.
919 1939 1104 1997 Spreng.
1129 1939 1176 1979 S.
1203 1939 1259 1980 V.
1284 1955 1322 1981 1.
1346 1940 1441 1995 149.

411 2012 506 2052 Ixia
527 2010 865 2052 Bulbocodium.
884 2009 1023 2051 Linn.
1048 2017 1187 2050 mant.
1211 2024 1307 2051 220.
1331 2010 1457 2068 Jacq.
1474 2010 1531 2052 ic.

368 2097 458 2123 rar.
486 2095 526 2122 2.
547 2087 576 2121 t.
604 2095 711 2136 2903
735 2079 832 2121 coll.
857 2080 1003 2136 suppl.
1032 2081 1097 2121 16.
1122 2079 1274 2121 Car-tis
1294 2096 1410 2138 mag.
1431 2081 1529 2123 265.

352 2152 554 2193 Redoute'
577 2150 716 2192 liliac.
744 2149 830 2207 88(
844 2148 1091 2207 qzcoaclfig.
1114 2150 1368 2207 minorem).
1388 2150 1530 2193 Sibth.

342 2223 456 2279 flor.
479 2236 619 2279 groec.
650 2236 689 2262 1.
716 2220 785 2261 26.
805 2220 893 2262 tab.
919 2222 986 2264 56.
1014 2221 1166 2263 Willd.
1190 2237 1255 2278 sp.
1272 2221 1341 2277 pl.
1372 2237 1407 2263 1.
1435 2223 1529 2279 196.

356 2292 481 2335 lscdzl
497 2307 644 2333 enam.
670 2306 710 2332 2.
731 2291 800 2332 50.

413 2361 579 2404 Crocus
619 2361 769 2419 spatha
810 2362 1017 2419 diphylla
1056 2362 1155 2404 flori
1198 2363 1500 2420 approximata
1518 2395 1530 2417 7

354 2434 459 2475 tubo
478 2433 652 2474 corollae
668 2433 806 2474 brevi.
827 2432 966 2474 Linn.
986 2433 1130 2489 sp.pl.
1154 2433 1221 2474 ecl..
1250 2449 1287 2474 1.
1313 2433 1379 2474 56.

410 2504 640 2545 Romulea.
660 2504 835 2545 ῘΙῙαναί.
862 2503 1016 2544 ronml.
