1587 2883
817 197 966 254 (46)

249 293 342 334 rius
359 293 558 350 globosa3
581 294 694 336 testci
706 302 780 336 aut
800 295 1127 337 membranacea
1146 304 1220 338 aut
1235 294 1438 338 corticosa
1457 303 1530 337 aut

250 373 517 430 subbaccaffi,
540 376 635 419 laevi
654 391 696 419 v.
718 376 1223 434 glanduloso-punctata.

297 513 467 555 Herboe
481 514 746 557 humillimae
762 529 804 558 v.
821 515 1142 571 semiorgyales.
1159 514 1322 557 Radix
1337 514 1534 556 rhizoma

251 597 481 625 carnosum
509 585 769 626 annulatum
801 585 1097 641 procumbens
1121 592 1164 626 et
1189 585 1341 627 subtus
1362 584 1535 640 fibrige-

250 667 355 695 rum
367 684 380 708 ,
395 654 463 695 vel
479 654 737 696 adscendens
755 661 797 695 et
814 655 982 696 circum
1002 654 1115 696 circa
1135 654 1395 711 fibrigerum
1406 684 1420 708 ,
1436 653 1536 695 raro

252 724 346 765 axis
381 725 641 767 descendens
679 725 928 781 bulbiceps,
968 725 1099 766 modo
1132 724 1293 766 bulbus
1322 725 1539 766 tunicatus

251 793 642 849 elongato-ovatus.
666 794 802 836 Folia
827 795 1089 837 collateralia
1119 794 1301 851 gladiata
1319 809 1361 837 v.
1384 792 1540 836 bifaria

252 864 529 906 canaliculata
545 896 559 920 ,
586 866 803 908 rarissime
838 865 1214 922 quadrangularia.
1249 863 1403 906 Caulis
1430 871 1541 905 teres

253 933 447 990 simplex
477 934 546 975 vel
576 949 796 989 ramosus,
822 935 963 976 rarius
988 950 1201 993 scaposus.
1240 934 1414 976 Corolla
1449 947 1542 990 spe-

254 1003 388 1058 ciosa,
419 1004 574 1061 saepius
604 1004 804 1060 grandis,
839 1005 971 1047 modo
1004 1005 1241 1048 involutim
1269 1004 1402 1047 modo
1431 1001 1542 1045 bifa-

253 1073 367 1116 riam
384 1075 542 1132 [supra
560 1075 797 1117 involutim
818 1073 935 1116 infra
954 1075 1220 1130 contortim]
1238 1088 1543 1127 emarcescem,

253 1146 484 1203 persistens
503 1162 514 1186 ε
536 1147 653 1189 disco
677 1146 896 1188 turbinata
912 1160 954 1187 v.
976 1153 1244 1204 campanata.
1272 1144 1426 1186 Tabas
1446 1158 1545 1200 per-

254 1217 353 1260 vius
387 1232 428 1260 v.
455 1218 713 1273 impervius.
734 1217 955 1258 Antlzeroe
979 1224 1216 1270 exn-orsae,
1245 1215 1402 1273 saepius
1425 1215 1546 1256 elon-

253 1287 562 1343 gato-lineares.
580 1286 619 1329 A
634 1286 820 1329 MORAEA
828 1286 982 1329 habitu
994 1286 1135 1328 alieno
1151 1285 1337 1328 floribus
1351 1285 1547 1343 plerum-

253 1370 338 1411 que
370 1356 610 1411 majoribus
647 1355 1005 1398 diuturnioribus
1037 1355 1384 1414 proeprimisque
1402 1355 1546 1396 radice

252 1439 485 1480 nunquam
518 1426 858 1468 bulbotuberosa
892 1426 1246 1468 discriminanda.
1278 1425 1317 1468 A
1343 1424 1547 1467 MARICIS

246 1495 531 1553 petalogynis
567 1510 646 1553 per
675 1496 869 1552 stigmata
901 1497 1004 1552 styli
1029 1495 1192 1553 facies(
1212 1511 1306 1537 non
1336 1493 1548 1552 angulos)

254 1567 574 1621 continuantia,
596 1566 814 1609 abiisdem
833 1567 1086 1623 stenogym's
1104 1581 1184 1623 per
1206 1565 1364 1607 florem
1380 1565 1548 1621 petalo-

251 1651 425 1694 gynum
449 1651 504 1677 ex
534 1637 690 1678 obtutu
709 1651 801 1677 uno
823 1637 1127 1692 dignoscenda.
1152 1636 1208 1676 In
1231 1635 1550 1692 hemisphaeriae

257 1707 443 1749 borealis
473 1707 722 1764 temperatis
748 1707 864 1749 varia
879 1714 920 1748 et
943 1707 1149 1762 vulgaris.
1169 1706 1223 1747 In
1242 1705 1550 1762 hemisphaeria

257 1777 432 1820 australi
454 1779 476 1818 e
496 1777 636 1833 specie
661 1777 749 1817 sola
770 1776 1051 1818 subanomala
1072 1777 1280 1818 hactenus
1314 1783 1431 1817 nota.

291 1923 331 1965 I.
362 1896 520 1964 Radi‘x
536 1922 826 1964 rlzizomatosa,
848 1941 862 1964 .·
874 1921 996 1980 folia
1012 1921 1284 1963 collateralia
1301 1920 1518 1978 gladiata.

267 2070 488 2127 tripetala.

438 2141 521 2182 Iris
550 2139 766 2197 tripetala.
796 2139 976 2181 Walter
998 2139 1111 2195 flor.
1135 2137 1268 2179 carol.
1303 2136 1373 2178 66.
1393 2136 1409 2194 (
1431 2137 1482 2194 67
1497 2136 1552 2195 ?)

382 2211 437 2252 V
427 2210 504 2252 alzl
523 2226 668 2251 enum.
692 2224 732 2251 2.
757 2209 853 2251 155.
871 2209 919 2250 E
922 2209 1018 2250 lliot
1034 2209 1179 2250 sketclz
1193 2207 1324 2266 oftlze
1344 2206 1427 2248 bot.
1444 2207 1502 2265 of
1507 2207 1554 2249 S.

383 2280 529 2322 Carol.
552 2287 595 2321 et
615 2279 774 2338 Georg.
800 2296 839 2321 1.
866 2279 937 2321 46.
961 2279 1079 2321 Nol).
1102 2279 1248 2320 holan.
1275 2277 1424 2335 regist.
1442 2294 1490 2320 v.
1510 2279 1552 2320 5.

383 2352 572 2409 append.
592 2351 833 2393 Roemeret
855 2351 944 2392 sch.
969 2359 1074 2406 syst.
1100 2366 1198 2408 veg.
1219 2366 1256 2392 1.
1280 2348 1379 2390 480.

425 2424 507 2466 Iris
529 2424 771 2465 tridentata.
787 2418 939 2464 Parslz
952 2438 1089 2464 amer.
1105 2428 1212 2477 sept.
1230 2437 1245 2462 1
1256 2451 1267 2462 .
1287 2421 1355 2462 50.
1368 2420 1555 2462 Roemer

382 2503 424 2536 et
443 2495 530 2537 sclz.
562 2503 666 2550 syst.
700 2510 797 2551 veg.
831 2510 845 2535 1
858 2525 867 2535 .
903 2491 1002 2535 468.
1027 2493 1212 2549 Spretzg.
1231 2491 1276 2533 S.
1300 2492 1358 2533 V
1389 2508 1426 2534 1.
1458 2491 1552 2534 161.
