1587 2883
140 272 425 325 Inflorescentia
445 277 676 322 aggregata,
700 283 810 321 super
831 269 926 307 axin
941 268 1090 307 brevem
1113 275 1320 321 compacta.

140 336 425 388 [reflorescentia
436 349 572 385 sparsa
587 336 654 372 vel
668 336 817 384 spicata
829 363 842 378 ‚
862 347 971 386 super
992 333 1085 371 axin
1097 332 1319 386 productam
1338 331 1413 369 dis-

242 400 398 438 tributa.

135 466 285 516 Spatlm
294 466 407 516 pluri
412 464 552 509 valvis,
569 462 726 502 externe
741 463 886 516 duplex
897 465 1124 509 communis,
1140 461 1288 501 interni·
1299 463 1312 513 (
1325 474 1414 500 una-

238 529 437 583 plurimae)
458 529 618 583 simplex
639 531 815 580 propria.

132 596 282 646 Spatlm
314 596 505 640 bivalvis,
527 597 690 645 propria
706 623 719 640 ,
737 593 841 632 valva
859 592 1043 631 exteriore
1060 590 1409 629 modofolliculoszi.

133 661 284 712 Spatlza
302 661 518 705 univalvis,
531 661 711 710 propria,
729 658 842 697 modo
855 656 1071 696 folliculosa
1087 663 1243 695 externa
1254 685 1264 703 ,
1283 654 1410 693 modo.

239 725 446 765 convoluta
461 725 704 779 intergerina.

132 792 312 830 Stamina
336 791 507 829 secanda
520 820 533 836 ‚
554 804 634 828 uno
651 803 758 828 versu
778 788 978 827 inclinata.

134 856 307 894 Pollinis
328 856 540 894 collectores
554 856 570 907 (
583 855 624 893 in
639 855 812 907 stigmate
834 854 1018 893 lamellari
1041 868 1076 892 v.
1096 852 1259 907 simplici
1278 852 1292 905 )
1310 865 1416 891 sum-

237 934 340 959 mam
370 920 581 973 marginem
609 926 856 972 occupantes,
882 919 958 971 (in
986 919 1162 970 stigmate
1200 915 1415 967 bilabiato)

239 985 334 1024 labri
360 986 427 1023 imi
451 983 689 1038 superficiem
712 986 917 1023 internam.

134 1052 283 1104 Stigma
303 1050 566 1102 petaloideum
575 1079 588 1096 ,
606 1049 625 1086 ὲ
646 1049 808 1087 laterum
831 1047 899 1086 alis
926 1046 1101 1086 coloratis
1128 1061 1216 1085 cum
1240 1046 1415 1084 anfractu

237 1123 348 1154 acuto
371 1115 567 1168 replicatis
585 1113 844 1166 duplicatum,
869 1112 1017 1151 ambitu
1039 1112 1225 1166 inaequale
1251 1119 1289 1151 et
1318 1111 1417 1150 labia

237 1181 312 1218 dua
335 1177 577 1231 confingens.

287 1243 682 1295 Anticesomicatam
694 1271 708 1288 ,
733 1242 824 1296 styli
849 1242 1016 1282 faciebus
1037 1243 1269 1282 continuum
1283 1272 1293 1290 ‚
1313 1239 1413 1280 infra

237 1308 337 1347 labia
358 1309 401 1346 in
424 1308 558 1347 faciem
574 1307 854 1361 planiusculam
870 1308 1085 1348 dilatatum.

288 1374 429 1411 Antio&
444 1382 622 1418 acutum,
641 1373 731 1426 styli
751 1374 901 1427 angulis
921 1374 1172 1422 continuum,
1191 1372 1291 1412 infra
1313 1372 1412 1411 labia

233 1440 275 1478 in
292 1440 478 1493 angulum
497 1447 654 1478 acutum
673 1439 822 1478 saliens.

138 1506 391 1550 Cucullatas,
423 1504 770 1558 perpendicularis,
792 1503 812 1540 ὲ
837 1503 1015 1542 lateribus
1041 1503 1093 1542 sic
1121 1501 1340 1549 conflexus,
1371 1509 1411 1540 ut

235 1584 356 1608 cornu
376 1569 575 1608 obversum
592 1569 651 1608 vel
669 1569 862 1607 turbinem
883 1569 1106 1622 elongatum
1123 1567 1334 1620 confingat.

138 1635 395 1683 convolutus,
420 1634 762 1687 perpendicularis,
779 1633 799 1671 ὲ
814 1633 993 1673 lateribus
1014 1648 1103 1673 cum
1126 1632 1302 1671 anfractu
1325 1631 1411 1685 plus

237 1699 364 1737 minus
382 1698 517 1737 obtuso
531 1699 744 1737 introrsum
765 1697 978 1737 conflexus.

137 1764 396 1814 Complicatus
407 1792 421 1809 ,
452 1763 790 1817 perpendicularis,
817 1763 995 1803 lateribus
1020 1763 1196 1803 anfractu
1222 1768 1333 1802 acuto
1358 1776 1412 1800 re·

234 1828 394 1881 plicatis.

136 1893 320 1939 Oblatas,
339 1893 451 1931 latior
467 1894 583 1947 quam
609 1894 761 1947 longus.

130 1960 368 2005 Flexuosas,
395 1958 516 1999 rachis
539 1959 595 1998 vel
615 1959 732 1999 caulis
754 1959 911 1999 sinubus
933 1967 1122 1998 utrorsum
1143 1958 1253 1999 flexis
1269 1973 1409 1998 curves-

236 2038 338 2063 cens.

127 2091 316 2128 sinuosas
332 2119 341 2137 ‚
360 2089 517 2128 sinubus
536 2089 710 2128 secundis
735 2089 792 2128 vel
814 2103 892 2127 uno
915 2104 1020 2128 versu
1046 2088 1154 2128 flexis
1174 2103 1404 2129 curvescens.

131 2154 416 2206 Petalogynus,
439 2152 508 2193 ssos
532 2153 768 2206 stigmatibus
797 2154 1030 2207 petaloideis.

130 2220 387 2270 Stenogynus,
412 2217 480 2258 flos
497 2218 733 2272 stigmatibus
750 2219 1004 2259 lamellaribus
1022 2233 1058 2258 v.
1080 2219 1298 2259 linearibus.

130 2284 278 2333 Stigma
303 2285 518 2330 lamellare,
546 2284 726 2338 simplex,
752 2284 1003 2326 convolutum
1029 2285 1087 2325 vel
1109 2284 1379 2338 complicatum
1394 2314 1403 2330 ‚

232 2362 312 2387 non
333 2349 570 2402 duplicatum
589 2357 703 2403 atque
728 2350 952 2390 bilabiatum
979 2352 1176 2404 petaloidei
1201 2351 1248 2389 ad
1276 2351 1404 2390 instar.
