1587 2883
822 148 942 206 (2)

240 258 297 286 na
321 240 338 302 (
358 239 464 304 styli
502 239 703 287 faciebus
739 242 958 288 continua
986 242 1002 302 )
1037 252 1120 288 aut
1149 241 1360 290 salientia
1389 252 1524 290 acuta

242 315 400 380 (stylis
426 316 607 380 angulis
629 317 850 363 continua
872 318 905 373 ὅ.
936 318 1151 380 Cap-sula
1166 319 1290 366 lenta
1308 318 1531 366 membra-

239 409 376 438 nacea
402 392 477 438 vel
497 392 613 438 dura
642 393 963 457 cartilaginea,
987 393 1167 458 globosa
1199 394 1424 460 trigibba‚
1452 393 1529 441 vel

237 467 429 532 oblonga
457 467 533 514 vel
561 467 772 532 elongata
797 478 938 534 atque
968 470 1145 534 trigona
1176 471 1192 534 (
1221 474 1321 518 rare
1350 471 1528 535 trique-

240 545 600 609 tro-hexagona)
622 581 634 604 ,
651 545 859 592 trivalvis
881 565 890 592 :
913 546 1078 593 valvoe
1096 547 1251 593 medio
1267 547 1497 611 septiferae
1514 583 1526 606 ,

238 630 480 684 septorum
515 621 721 685 margine
755 622 921 667 intima
944 621 1278 685 placentiferae‚
1311 623 1529 687 margini-

238 697 327 744 bus
354 697 584 745 rarissime
603 715 714 744 cum
730 698 985 745 seminibus
1002 698 1061 745 ob
1080 699 1350 748 recedentes
1373 698 1532 748 Valvas

239 775 288 820 in
314 773 609 821 columellam
639 774 870 839 triplicem
896 774 1090 821 liberam
1114 792 1199 839 per
1228 792 1276 822 se
1300 775 1530 822 manenti-

238 850 344 897 bus.
378 851 575 896 Semina
601 851 649 896 in
674 850 986 898 loculamento
1012 852 1196 917 singulo
1220 852 1394 898 bi-rare
1423 851 1530 898 uni-

236 925 466 974 rarissime
479 925 890 990 subpluriserialia‚
906 929 1075 993 angulo
1088 930 1338 993 placentari
1351 925 1531 975 alterne

241 1002 314 1049 vel
330 1000 596 1049 subalterne
619 1020 795 1050 annexa
814 1040 825 1063 ,
851 1003 1031 1068 globosa
1052 1006 1129 1053 vel
1152 1004 1532 1070 elliptico—oblon-

242 1098 292 1144 ga
308 1117 319 1137 ‚
339 1088 557 1126 contactu
578 1078 705 1125 varie
732 1080 1011 1143 deformata,
1039 1083 1178 1129 mode
1202 1083 1337 1146 plana
1355 1119 1367 1142 ,
1392 1081 1533 1128 mode

240 1154 458 1220 polyedra
476 1192 487 1214 ,
516 1155 666 1202 rarius
695 1156 812 1202 alata
854 1156 930 1203 vel
959 1160 1176 1205 corticata
1209 1158 1286 1205 vel
1315 1157 1528 1216 baccata,

240 1230 467 1279 rarissime
503 1231 832 1297 longitrorsum
876 1251 1135 1298 compressa
1171 1253 1180 1280 :
1218 1243 1344 1280 testa
1378 1233 1534 1280 tenuis

240 1309 316 1357 vel
339 1309 697 1373 parenchymate
724 1326 911 1356 carnoso
936 1309 1010 1357 vel
1041 1310 1237 1374 pulposo
1257 1308 1442 1355 interne
1463 1309 1533 1354 in-

241 1395 432 1431 crassata
449 1422 462 1445 ‚
488 1385 732 1431 albumine
759 1402 925 1433 corneo
954 1388 1302 1451 proportionato
1331 1385 1532 1449 repleta,

241 1462 317 1509 vel
340 1461 505 1507 eodem
530 1479 673 1525 parvo
700 1461 871 1525 dispari
890 1461 1004 1508 foeta
1020 1462 1257 1509 subvacua
1284 1472 1333 1508 et
1358 1461 1384 1509 e
1409 1462 1533 1509 cavi-

241 1547 337 1584 tate
361 1539 411 1583 in
437 1539 694 1602 marginem
721 1537 982 1601 paleaceam
1015 1538 1318 1602 complanata.

307 1615 492 1661 Herboe
517 1631 768 1678 perennes,
796 1615 935 1661 mode
958 1616 1370 1678 sempervirentes‚
1396 1614 1536 1659 infra-

241 1691 445 1738 unciales
468 1691 541 1738 vel
560 1691 963 1755 ultratripedales‚
979 1695 1080 1738 rare
1100 1691 1381 1756 szcsfiutices
1393 1690 1535 1737 Lilia-

242 1769 332 1814 ceis
352 1767 684 1813 fruticantibus
714 1767 995 1830 subanalogi.
1035 1768 1205 1813 Radix
1235 1766 1397 1812 fibrosa
1413 1802 1426 1825 ⁷
1451 1774 1535 1811 aut

245 1846 462 1891 rhizomcb
496 1862 738 1891 carnosum
766 1844 904 1891 mode
927 1843 1203 1890 candescens
1222 1842 1362 1888 mode
1386 1841 1537 1888 bulbi-

247 1938 353 1984 ceps
370 1958 382 1980 ,
407 1923 508 1967 rari')
537 1921 813 1985 liguescen5‚
848 1919 1096 1985 aliquando
1116 1919 1255 1965 taber
1287 1918 1362 1966 vel
1381 1918 1538 1963 bulbo-

246 1998 383 2044 taber
398 1996 474 2043 vel
494 1997 682 2043 balbas.
713 1997 862 2043 Folia
881 1996 1056 2043 alterna
1069 2032 1080 2051 ‚
1101 2003 1256 2041 ensata
1271 2032 1282 2054 ‚
1306 1992 1536 2039 collatera-

245 2073 304 2119 lia
318 2072 394 2120 Vel
403 2072 563 2119 bifaria
579 2072 806 2119 rarissime
819 2072 1112 2131 verticillata,
1129 2089 1219 2135 pau
1227 2070 1503 2134 ca-plurima
1519 2107 1532 2128 ,

249 2148 438 2196 linearia
488 2149 561 2195 vel
600 2149 740 2196 latius
789 2149 987 2214 gladiata
1029 2148 1046 2211 (
1072 2146 1242 2193 lamina
1282 2145 1419 2210 plana
1459 2145 1536 2193 vel

252 2225 422 2291 plicata
444 2244 572 2272 nunc
597 2226 864 2290 cartilagine
900 2226 1112 2272 crassiore
1137 2222 1393 2288 marginata
1415 2228 1432 2285 )
1462 2222 1538 2270 vel

251 2303 551 2351 canaliculata
585 2302 662 2350 vel
691 2302 960 2363 convoluta,
993 2301 1132 2348 mode
1165 2300 1534 2359 uni-tricostata‚

255 2380 394 2428 mode
431 2379 808 2444 subtetraquetra
840 2377 915 2426 vel
947 2375 1363 2442 tetraquetroidea,
1397 2374 1537 2420 mode

253 2457 489 2504 decussata
503 2456 656 2517 ,mode
680 2456 817 2502 tereti
844 2454 919 2503 vel
946 2451 1420 2518 compresso-fistulosa
1440 2489 1452 2511 ‚
1472 2467 1536 2495 ra-
