1587 2883
795 106 972 164 (150)

247 200 351 241 sicca
378 199 501 240 tenui
533 198 676 256 ampia
704 199 917 242 subvacua
950 199 1175 243 albamine
1209 217 1343 259 parvo
1377 203 1479 245 foeta
1507 205 1529 246 ὲ

244 269 418 311 cavitate
435 269 481 310 in
497 269 740 325 marginem
762 270 1090 326 comprimitur.
1108 289 1158 309 :-
1173 271 1332 314 Semetz
1350 272 1529 315 sabbac-

245 338 605 397 calo-giobosum,
628 341 754 394 cujus
783 347 884 381 testa
915 341 1255 398 parenchymate
1277 345 1399 386 tenui
1430 344 1529 385 sub-

244 425 429 452 exsucco
469 411 642 453 adaucta
679 410 908 452 albumine
950 412 1279 468 proportionato
1307 415 1529 472 expletur.

246 480 506 523 SPARAXIDI
528 482 579 523 ad
593 480 818 538 galeatam
832 495 886 522 ex
905 481 1022 522 alato
1039 490 1080 523 et
1098 486 1412 542 namaqaensi,
1428 486 1533 526 TRI-

247 563 520 593 CHONEMATI
543 552 593 592 ad
612 550 855 606 speciosum
869 566 923 592 ex
941 551 1304 610 tt'iclzonemifolio
1316 587 1330 604 ,
1358 555 1531 598 TRITO-

245 634 339 664 NIAE
359 623 410 664 ad
432 622 627 677 crispam
654 629 695 662 et
722 621 918 662 viridem
939 622 1203 674 exflexuoso
1230 633 1271 665 et
1295 641 1352 666 ex
1377 641 1531 682 scapo,

245 694 542 735 ANTHOLYZAE
563 709 585 734 a
611 691 819 734 szonicl
831 700 870 733 et
890 692 1146 744 imbricato,
1177 694 1453 738 VVATSONIAE
1481 711 1534 751 ap

245 763 500 805 aletroiclem
528 777 584 804 ex
614 762 868 804 merianello
886 765 1215 820 approximans.
1241 765 1320 807 Ad.
1351 765 1400 808 C.
1421 767 1468 808 B.
1487 766 1530 809 S.

242 832 535 875 multiformis
550 840 591 874 et
608 832 835 887 frequens,
854 834 903 874 in
923 832 1102 876 Oriente
1123 835 1221 876 Asia
1238 837 1400 892 medie,
1415 837 1530 878 Mau-

241 903 399 945 ritani&
420 910 460 943 et
475 901 653 960 Europ&
669 903 973 959 meridionali,
991 905 1067 946 ubi
1083 906 1260 960 desinit,
1276 905 1530 948 subunifor-

245 976 328 1016 mis
349 982 389 1015 et
409 974 564 1015 rarior.
597 973 684 1016 Nec
717 975 765 1016 in
802 974 946 1029 India,
969 989 1049 1016 nec
1072 976 1115 1016 in
1137 976 1336 1018 Americssl
1364 978 1534 1020 adhuc—

245 1047 355 1088 dum
379 1045 543 1087 obvius.

251 1178 470 1221 menia.

421 1248 645 1290 Gladiolus
661 1246 878 1289 Cunonia.
903 1247 1072 1290 Goertn.
1092 1265 1198 1290 sem.
1217 1265 1253 1290 1.
1273 1250 1342 1292 51.
1359 1249 1447 1292 tab.
1467 1267 1482 1293 1
1495 1267 1531 1292 1.

351 1317 442 1376 fig.
472 1318 514 1359 4.
548 1317 666 1358 Nol».
697 1318 746 1358 in
772 1334 879 1359 arm.
910 1318 972 1374 of.
995 1318 1078 1360 bot.
1110 1336 1147 1361 1.
1180 1320 1292 1374 2503
1318 1328 1360 1361 et
1386 1320 1531 1363 botan.

362 1389 510 1446 regist.
525 1403 572 1429 v.
592 1404 632 1444 7.
649 1389 840 1443 append.
861 1387 1068 1443 Dryand.
1091 1390 1200 1431 hort.
1217 1391 1326 1435 kew.
1343 1392 1412 1434 ed.
1436 1407 1475 1434 2.
1495 1408 1532 1434 1.

361 1459 433 1515 96.
455 1458 639 1515 Spreng.
657 1456 703 1498 S.
723 1458 782 1498 V.
811 1473 848 1499 1.
880 1459 975 1500 152.

419 1529 669 1586 Antholyza
685 1527 901 1570 Cunonia.
919 1528 1056 1570 Limz.
1076 1546 1141 1586 sp.
1153 1531 1222 1587 pl.
1248 1547 1283 1573 1.
1307 1532 1377 1574 54.
1403 1532 1530 1574 Mill.

360 1600 415 1641 ic.
446 1600 516 1656 75.
541 1607 571 1640 t.
602 1599 698 1641 115.
726 1598 902 1640 ΤῘιιιηΖ).
925 1599 1031 1640 diss.
1049 1616 1093 1641 η.
1120 1599 1316 1657 43p1·0d·
1345 1619 1366 1659 7
1385 1618 1399 1658 3
1421 1603 1532 1660 flor.

360 1686 457 1727 cap.
489 1687 525 1712 1.
556 1669 650 1711 165.
668 1669 707 1710 I.
722 1669 780 1711 F.
798 1670 960 1712 Miller
975 1670 1136 1713 illustr.
1160 1672 1215 1714 ic.
1234 1689 1269 1714 1.
1293 1673 1449 1715 Willd.
1467 1689 1533 1730 sp.

352 1741 420 1798 pl.
446 1757 481 1782 1.
499 1754 596 1790 222.
615 1740 738 1782 Vahl
751 1756 893 1781 enum.
912 1755 951 1782 2.
977 1756 1074 1783 121.
1091 1743 1293 1785 Redoute'
1305 1744 1442 1786 liliac.
1466 1759 1533 1787 12.

422 1810 623 1853 Cunonia
647 1810 830 1852 floribus
849 1811 1087 1865 sessilibus,
1121 1814 1282 1870 spathis
1312 1816 1532 1857 maximis.

360 1881 518 1923 Biittn.
540 1897 639 1923 cem.
660 1895 708 1923 21
722 1897 758 1922 1.
778 1879 861 1938 fig.
888 1897 924 1922 1.

245 1953 492 1995 wacsonias.

420 2023 646 2065 Gladiolus
661 2024 910 2067 watsonius.
934 2022 1109 2064 Tlnmb.
1127 2022 1233 2064 diss.
1252 2040 1297 2066 η.
1316 2039 1365 2066 1ο
1378 2040 1390 2079 3
1398 2027 1530 2081 prod.

363 2092 388 2133 8
406 2109 419 2148 3
440 2094 551 2150 flor.
578 2109 674 2149 cap.
713 2110 750 2135 1.
782 2095 877 2150 175.
909 2094 1034 2151 Jacq.
1058 2094 1114 2135 ic.
1139 2109 1228 2135 rar.
1252 2108 1291 2135 2.
1312 2094 1400 2136 tab.
1423 2095 1533 2151 2333

363 2163 459 2204 coll.
487 2177 525 2205 2.
557 2165 655 2221 257.
685 2163 851 2206 VVz'llcl.
880 2164 1030 2221 sp.pl.
1063 2180 1099 2206 1.
1119 2165 1215 2206 214.
1239 2163 1360 2206 Valzl
1383 2181 1531 2208 enum.

364 2248 403 2275 2.
430 2234 499 2289 95.
523 2233 674 2276 Curtis
697 2250 815 2292 mag.
847 2235 946 2276 450.
964 2234 1081 2276 Noh.
1099 2234 1146 2275 in
1160 2242 1271 2276 cart.
1291 2250 1408 2292 mag.
1431 2236 1530 2293 569.

360 2304 561 2346 Redoate'
576 2305 713 2346 [iliae.
734 2306 832 2360 569.
857 2306 1064 2361 Dryand.
1083 2306 1194 2347 hort.
1212 2306 1312 2346 kew.
1335 2306 1404 2347 ecl.
1426 2320 1465 2348 2.
1492 2323 1528 2349 1.

359 2376 430 2430 96.
451 2375 634 2432 Spretzg.
660 2375 706 2417 S.
734 2375 789 2418 V.
818 2393 853 2418 1.
884 2377 977 2418 152.
