1587 2883
848 203 864 260 (
894 203 921 245 4
952 202 966 260 )

335 307 663 355 Terminoram
715 308 1051 353 nonnullorum
1096 306 1263 370 quoad
1312 307 1486 353 Imm-,As

767 384 1044 446 explicatio.

272 510 416 555 Tuber,
451 507 592 545 matrix
626 519 780 545 carnosa
808 505 1043 557 homogenea
1073 505 1192 544 solida
1221 504 1449 558 epidermide
1475 503 1554 543 sola

374 579 489 622 tecta,
507 571 753 624 unigemmis‚
771 577 855 624 post
877 570 1068 609 evolutam
1085 570 1330 623 propaginem
1345 568 1555 623 quotannis

372 651 638 677 emarcescens.

267 702 511 741 Balbomber
520 731 533 748 ,
552 701 695 740 matrix
714 702 734 738 e
759 700 900 739 tunicis
923 701 1051 753 paucis
1082 699 1436 740 castaneo-carnosis
1463 713 1555 737 con-

370 766 532 806 centrice
549 772 765 820 compacta,
795 765 937 804 exuviis
965 764 1247 819 persistentibus
1272 764 1554 804 fibroso-mem-

374 831 568 870 branaceis
593 831 762 879 inclusa,
780 837 865 883 post
892 830 1083 869 evolutam
1103 831 1352 884 propaginem
1369 828 1556 882 (unicam

372 909 408 934 v.
439 894 663 948 geminam)
694 895 901 948 quotannis
928 910 1194 935 emarcescens.
1220 897 1232 944 (
1253 895 1504 934 Farinaceum
1523 895 1554 946 ).

269 961 417 999 Bulbus
428 988 442 1005 ,
461 959 603 998 matrix
626 958 646 996 ὲ
670 959 811 997 tunicis
834 959 1008 1012 plurimis
1027 961 1368 1013 cepaceo-carnosis
1386 974 1555 1000 concen-

371 1022 463 1062 trice
494 1029 708 1076 compacta,
741 1023 887 1062 exuviis
918 1023 1211 1064 membranaceis
1237 1032 1353 1074 tecta,
1396 1025 1438 1063 in
1475 1031 1556 1063 toto

371 1088 594 1141 persistens,
621 1087 680 1126 vel
703 1087 746 1126 in
771 1087 865 1126 duos
892 1087 1031 1127 similes
1057 1089 1117 1127 vel
1139 1089 1182 1127 in
1204 1089 1332 1142 plures
1362 1088 1555 1128 solvenda.

377 1152 390 1204 (
404 1153 704 1204 Mucilaginosus
722 1151 751 1205 ).

270 1221 475 1270 Propago,
513 1218 654 1255 matrix
693 1217 864 1265 novella,
908 1217 1075 1270 pristinae
1108 1218 1246 1257 vertice
1276 1225 1400 1257 enata.
1438 1218 1555 1257 Modo

374 1283 488 1321 unica
533 1296 622 1320 cum
665 1281 773 1320 caule
811 1289 996 1331 connata,
1036 1282 1149 1321 modo
1187 1283 1341 1336 gemina
1383 1283 1404 1320 ἒι
1448 1282 1556 1322 caule

373 1348 505 1386 libera.

265 1415 413 1464 Stipes,
444 1411 707 1450 bulbotuberis
741 1411 823 1450 axis
853 1411 897 1449 in
924 1411 1104 1450 cauliculi
1140 1412 1303 1466 speciem
1346 1412 1550 1465 producta,

374 1476 530 1515 herbam
549 1490 638 1515 cum
664 1475 758 1514 flore
783 1475 825 1513 in
854 1476 1068 1515 summitate
1088 1491 1236 1529 gerens.

271 1542 389 1579 Folia
405 1541 666 1586 collateralia,
683 1540 702 1577 ὂ
726 1540 833 1593 plani
856 1542 1026 1594 margine
1050 1541 1216 1580 invicem
1235 1541 1417 1595 opposita.

269 1607 388 1644 Folia
404 1606 550 1658 bifaria
562 1636 577 1651 ,
601 1605 621 1644 e
640 1606 747 1659 plani
763 1607 826 1644 axi
846 1606 1008 1644 invicem
1025 1608 1210 1660 opposita.

270 1671 388 1710 Folia
404 1673 639 1709 verticillata
652 1700 666 1716 ,
695 1673 789 1710 axin
806 1686 1051 1711 communem
1068 1672 1087 1709 ὲ
1103 1672 1210 1726 plani
1227 1672 1367 1726 proprii
1383 1671 1445 1710 axi
1463 1671 1553 1725 plu—

375 1737 544 1775 rifariam
569 1738 823 1790 respicientia.

270 1805 430 1841 Foliam
446 1803 753 1841 canaliculatam
765 1832 779 1849 ,
795 1802 957 1856 planum
975 1802 987 1852 (
1002 1810 1209 1841 ecostatum
1227 1802 1242 1855 )
1263 1803 1283 1841 ὲ
1300 1803 1472 1855 margine
1488 1803 1553 1840 in—

376 1869 510 1907 tem'ore
528 1869 752 1907 exteriorem
774 1869 874 1906 intra
889 1868 1085 1907 diffissum.

273 1935 432 1972 Folium
470 1936 736 1980 convolutam,
781 1933 920 1973 folium
964 1932 1177 1973 fistulosum
1216 1934 1331 1972 latere
1378 1933 1555 1972 interiore

376 2006 519 2053 aperto.
973 1989 977 1994 ⁸

272 2067 433 2104 Foliam
468 2066 814 2117 sabtetraqaetmm
830 2095 842 2111 ‚
873 2064 1028 2118 quando
1062 2071 1170 2103 costae
1202 2063 1217 2116 (
1248 2063 1506 2116 marginisque
1539 2066 1553 2114 )

377 2131 554 2185 utrinque
584 2129 835 2183 prominentis
870 2130 1052 2178 altitudo,
1082 2129 1233 2168 laminae
1258 2129 1462 2167 latitudine
1489 2142 1551 2182 pa-

378 2197 464 2234 rum
489 2196 617 2233 minor
643 2196 704 2234 sit.

274 2263 432 2300 Folium
450 2263 720 2306 decussatum,
743 2260 898 2314 quando
919 2267 1028 2298 costae
1046 2259 1177 2299 mediae
1200 2259 1380 2312 utrinque
1408 2259 1552 2312 promi-

374 2328 498 2366 nentis
528 2327 711 2375 latitudo,
748 2326 944 2364 altitudini
971 2325 1122 2363 laminae
1157 2324 1311 2377 aequalis
1345 2324 1404 2363 sit.
1437 2323 1550 2363 Plani

376 2394 452 2431 duo
477 2392 638 2447 aequales
657 2392 793 2430 mutuo
811 2406 878 2445 per
900 2391 993 2429 axin
1009 2405 1046 2430 se
1064 2397 1242 2429 secantes.

275 2460 431 2497 Folium
448 2459 753 2511 semiclzffissam,
775 2457 794 2495 ὲ
817 2457 930 2496 latere
957 2456 1132 2495 interiore
1146 2455 1194 2493 ad
1215 2454 1309 2492 axin
1334 2468 1452 2507 usque
1468 2468 1551 2507 per-

376 2531 491 2563 totam
510 2523 791 2576 longitudinem
806 2522 1002 2562 diffissum.
1024 2523 1036 2573 (
1061 2523 1107 2561 In
1127 2522 1266 2560 Cnoco.
1289 2522 1303 2571 )
