1587 2883
593 93 607 150 (
643 95 692 135 25
724 93 739 149 )

146 201 185 228 2.
211 187 278 229 53.
300 185 449 225 Purslz
476 199 612 225 amer.
644 191 751 239 sept.
782 199 817 225 1.
854 184 923 225 52.
956 183 1149 225 Persoon
1177 200 1211 226 1.
1237 186 1302 226 50.

145 256 326 296 Raemer
354 262 395 294 et
418 254 506 295 sch.
527 261 632 308 syst.
656 269 753 310 veg.
784 269 820 294 1.
846 252 947 309 494.
972 252 1154 311 Spreng.
1176 255 1220 295 S.
1248 255 1302 296 V.

148 341 183 367 1.
211 323 305 379 167.

26 394 268 452 tenuifolia.

196 464 352 506 Marica
387 462 628 505 tenuifolia.
676 462 790 503 Nol).
841 461 981 503 holan.
1026 462 1173 519 regist.
1222 476 1300 518 229

194 532 302 590 (fol.
323 548 361 574 2.
385 549 501 574 vers.
518 530 549 589 ).

193 602 519 660 Sisyrinchium
538 600 835 643 [enuifolium.
851 599 1024 642 sztlz.
1041 617 1250 659 nov-‚gem
1263 611 1303 643 el

135 689 202 729 sp.
228 689 265 715 1.
307 673 401 714 260.
425 671 589 714 lVilld.
620 687 766 712 enum.
802 686 840 712 2.
877 671 958 728 691
981 687 990 725 ;
1026 671 1136 713 hort.
1172 671 1302 714 berol.

135 742 222 785 tab.
247 756 319 798 92.
337 743 537 784 Redoute'
551 742 691 784 [iliae.
710 742 807 800 275.
826 743 1013 784 Roemer·
1031 751 1071 785 et
1089 744 1179 785 sch.
1197 752 1301 800 αἰνεῖ.

134 829 230 870 veg.
258 828 293 853 1.
317 812 417 869 495.
443 812 626 870 Spreng.
648 812 694 854 S.
717 813 771 854 V.
799 829 836 854 1.
860 813 955 869 167.

21 883 255 942 iridisolia.

190 953 347 996 Marica
367 952 589 994 iridifolia.
607 953 722 994 JVOI).
745 953 888 994 holan.
912 952 1060 1008 regist.
1083 952 1183 994 646.

192 1023 514 1080 Sisyrinchium
535 1022 812 1066 iridifolium.
829 1021 1005 1062 Kanth.
1029 1038 1128 1064 nov.
1142 1038 1244 1079 gen.
1260 1032 1301 1064 et

135 1108 248 1149 spec.
273 1109 308 1134 1.
340 1094 434 1135 260.
474 1093 660 1134 Raemer
679 1100 720 1133 et
747 1092 835 1132 sch.
859 1099 966 1147 syst.
996 1107 1093 1149 weg.
1134 1108 1171 1133 1.
1199 1092 1298 1148 495.

132 1163 313 1220 Spreng.
330 1163 376 1203 S.
402 1163 460 1204 V.
486 1179 522 1204 1.
551 1163 646 1219 167.

190 1231 516 1288 Sisyrinchium
552 1232 720 1274 laxum.
758 1231 876 1273 Sims
899 1232 949 1273 in
973 1239 1085 1273 curt.
1111 1248 1226 1290 mag.
1260 1247 1299 1274 2.

132 1303 231 1344 512.
251 1301 436 1359 Spreng.
454 1301 499 1343 S.
527 1301 582 1343 V.
611 1319 647 1345 1.
675 1303 749 1358 167
770 1301 790 1344 ?

15 1384 269 1442 hogotensis.

188 1454 345 1495 Marica
364 1452 618 1509 bogotensiS.
643 1453 759 1494 ΝΟΖ).
782 1453 925 1495 holan.
943 1453 1093 1511 regist.
1122 1467 1202 1510 229
1224 1454 1299 1511 (in

131 1532 255 1566 textu
272 1522 303 1581 ).

188 1593 515 1650 Sisyrinehium
541 1595 785 1650 bogotense.
813 1593 987 1635 Kuntlz.
1011 1610 1111 1636 nov.
1129 1609 1232 1650 gen.
1253 1603 1295 1635 et

130 1679 242 1719 spec.
272 1680 309 1704 1.
352 1665 448 1720 259.
474 1663 659 1704 Raemer
687 1672 728 1704 et
754 1664 842 1704 sch.
872 1670 979 1718 syst.
1005 1678 1104 1720 veg.
1130 1679 1168 1704 1.
1195 1662 1295 1721 494.

123 1733 307 1790 Spreng.
333 1733 379 1773 S.
409 1732 464 1773 V
489 1748 526 1773 1.
552 1733 645 1787 167.

12 1823 231 1857 tmctorza.

183 1884 342 1927 Marica
363 1884 579 1926 tinctoria.
605 1883 723 1926 ΝΟΖ).
755 1883 902 1925 botan.
934 1883 1083 1940 regist.
1113 1897 1194 1940 229
1219 1883 1293 1941 (in

127 1961 247 1996 texta
272 1985 282 1995 .

184 1953 510 2080 &gyrinchium
534 2023 806 2064 tinctorium.
823 2022 995 2064 Kunth.
1012 2038 1113 2065 nov.
1128 2038 1230 2080 gen.
1252 2031 1294 2064 et

125 2110 190 2150 sp.
213 2109 250 2135 1.
288 2094 385 2135 260.
415 2094 587 2134 Raemer
614 2100 656 2134 et
680 2093 768 2134 sch.
791 2099 896 2149 syst.
922 2107 1020 2150 veg.
1047 2108 1084 2134 1.
1113 2093 1214 2148 494.
1242 2093 1292 2133 A

126 2164 379 2221 Sprengelio
399 2163 461 2221 (S.
487 2163 539 2205 V.
577 2180 612 2205 1.
642 2162 738 2220 167)
757 2163 834 2204 hoc
852 2171 893 2203 et
917 2163 1091 2204 luteum
1124 2161 1291 2219 (Link)

129 2233 433 2276 SISYRINCHIO
454 2235 688 2277 convoluto
708 2231 918 2291 (Nocca)
930 2248 1018 2289 pro
1035 2232 1292 2289 synonymis

127 2304 303 2346 dantur.
325 2304 420 2346 Vix
438 2304 565 2354 ὂεηὲ,
586 2320 677 2346 una
701 2303 820 2345 enim
844 2302 987 2359 Caput
1007 2302 1067 2344 B.
1090 2302 1193 2359 Spei
1204 2317 1291 2358 pro

122 2375 277 2429 patrici
306 2375 461 2417 habere
492 2375 660 2417 dieitur
674 2407 688 2424 ,
707 2375 848 2417 altera
866 2373 1104 2415 Guianam.
