1587 2883
840 195 855 252 (
890 195 941 237 52
974 193 990 251 >

268 290 316 332 F
314 289 525 332 ilamenta
534 295 716 330 connata
731 302 772 331 v.
789 287 1005 330 distincta.
1022 286 1153 344 Caps.
1171 288 1343 345 globosa
1364 287 1549 344 trigibba

268 387 310 417 v.
320 373 514 429 elongata
531 371 698 427 trigona
708 401 721 426 ,
735 370 1039 412 membranosa
1050 382 1060 410 ἰ
1073 378 1222 412 caeiera
1232 369 1326 412 fere
1341 370 1492 411 Imms
1504 369 1551 410 in

269 470 429 513 parvo,
447 454 529 495 nisi
546 453 663 509 qued
681 453 903 495 seminum
924 459 1035 495 testa
1055 453 1287 508 nunquam
1304 467 1394 495 non
1409 451 1556 508 glabra

269 547 394 593 atque
423 536 580 578 tenuis.

329 724 500 767 Herbae
523 723 714 766 unciales
732 738 775 765 v.
796 721 1123 778 subtripedales.
1143 719 1276 761 Folia
1297 719 1473 774 bifaria,
1495 734 1558 761 ra-

271 795 440 838 dicalia,
450 795 606 853 saepius
617 808 751 851 pauca
765 791 881 850 (rare
897 789 1098 848 unicum)
1114 791 1559 834 fistuloso-convoluta

271 882 312 909 v.
330 865 490 908 canalio
497 864 687 905 ulato-tri
693 879 819 920 gona,
833 863 1100 919 plerumque
1110 862 1421 904 tereti-caudata
1432 894 1443 915 ,
1457 862 1558 903 rarb

272 940 319 980 in
340 950 517 979 summo
546 949 672 991 scapo
695 949 800 974 cum
821 932 1005 974 floribus
1022 933 1198 974 collecta
1215 948 1228 987 3
1247 932 1428 974 caulina
1450 933 1560 989 saepe
1583 929 1587 936 ¹

269 1009 413 1052 axillis
437 1005 672 1049 bulbifera.
703 1002 857 1044 Caulis
879 1003 931 1044 ad
951 1003 1122 1045 nodum
1143 1017 1362 1059 quemque
1392 1002 1563 1059 vagina-

270 1088 364 1134 tus,
389 1079 488 1120 rar&
513 1076 662 1118 enodis
687 1074 880 1131 simplex
898 1081 940 1114 et
961 1088 1141 1130 scapum
1166 1074 1400 1127 simulans,
1421 1071 1563 1113 rarius

269 1151 421 1207 stipes,
445 1149 556 1205 saepe
576 1161 796 1199 ramosus,
822 1144 1047 1186 interdum
1075 1144 1393 1186 famosissimus
1415 1157 1424 1186 :
1443 1141 1560 1184 rami

270 1219 450 1262 solitarii
478 1234 520 1261 v.
541 1215 754 1274 aggregati
780 1214 982 1273 (duobus
1007 1230 1048 1256 v.
1075 1215 1282 1273 pluribus
1308 1214 1361 1257 ad
1389 1214 1562 1255 nodum

271 1306 417 1332 unum
438 1288 591 1345 vagina
615 1286 847 1328 communi
874 1285 1061 1327 collectis
1083 1283 1114 1342 ).
1143 1282 1482 1342 Inflorescentia
1506 1283 1561 1324 ob

275 1363 445 1420 spathas
461 1362 564 1402 duas
584 1374 625 1401 v.
651 1360 797 1416 plures
815 1373 920 1399 cum
937 1357 1053 1398 foliis
1068 1357 1116 1397 in
1132 1372 1308 1398 summo
1322 1355 1434 1397 cauli
1456 1368 1562 1395 con-

271 1433 526 1489 glomeratas
544 1429 827 1485 compositam
845 1428 1078 1483 aliquande
1094 1425 1244 1468 refert.
1260 1425 1386 1468 Haud
1400 1425 1499 1466 rari>
1515 1424 1562 1465 in

270 1504 359 1546 un&
378 1511 420 1544 et
436 1501 587 1545 eadem
607 1500 755 1558 plant&
772 1501 976 1543 videntur
991 1498 1119 1540 flores
1141 1497 1214 1538 alii
1237 1511 1343 1537 cum
1366 1495 1561 1536 connatis

271 1574 529 1628 filamentis,
547 1572 620 1614 alii
637 1586 739 1612 cum
755 1569 979 1614 distinctis.
1001 1568 1175 1610 Corollcz
1200 1575 1349 1625 patens
1362 1598 1374 1622 ,
1389 1580 1562 1623 semper

271 1647 363 1688 fere
383 1645 520 1701 :fugax
536 1651 577 1685 et
594 1645 752 1686 caduca
769 1657 778 1685 z
799 1641 964 1683 limbus
984 1641 1054 1683 vel
1076 1640 1336 1697 explanatus
1359 1645 1472 1679 totus
1492 1636 1561 1678 vel

271 1717 387 1759 disco
398 1726 676 1772 campanatus
692 1713 760 1755 vel
774 1711 1037 1765 tul—binemus,
1053 1710 1236 1752 laminis
1255 1708 1436 1751 extimis
1454 1709 1563 1765 saepe

274 1786 447 1829 reflexis
465 1783 668 1828 :laciniae
685 1768 913 1824 interiore's
928 1782 1059 1822 modi)
1076 1788 1242 1834 erectae,
1258 1779 1423 1821 lamina
1440 1792 1562 1819 nuno

276 1859 444 1901 exeisae.
470 1855 618 1907 Stylus
651 1856 672 1896 ὰ
702 1854 809 1896 tubo
837 1868 1011 1910 semper
1036 1853 1164 1894 liber.
1205 1852 1258 1893 In
1299 1849 1448 1893 Africa
1490 1864 1564 1891 au-

273 1930 393 1973 strali
409 1927 617 1982 frequens
631 1934 673 1968 et
693 1925 1005 1980 multiformi53
1030 1925 1077 1966 in
1095 1922 1282 1976 Graecia,
1302 1921 1562 1964 Mauritania

273 2009 315 2043 et
333 1998 510 2056 Europ&
534 1997 812 2039 meridionali
847 1995 955 2053 (ubi
970 1993 1156 2052 desinit)
1179 1992 1501 2036 subunisormis
1520 2001 1562 2036 et

275 2071 436 2129 parum
458 2068 680 2124 frequens.

333 2142 519 2183 MORAEA
535 2137 550 2196 (
565 2138 723 2180 Kanth
740 2153 835 2193 syn.
846 2136 913 2193 pl.
932 2136 1100 2194 oeqzcin.
1121 2135 1238 2177 orbis
1249 2151 1348 2177 nov.
1367 2133 1406 2192 )‚
1427 2134 1475 2176 ni
1490 2133 1564 2176 fal-

273 2213 326 2254 lit
344 2219 494 2265 autor,
518 2209 635 2251 haud
655 2209 788 2263 hujus
817 2208 902 2249 loci
921 2239 933 2264 ⁷
959 2209 1005 2249 in
1027 2206 1075 2249 ez⁴1
1094 2206 1212 2248 enim
1234 2205 1436 2254 intimoe,
1470 2220 1562 2246 non

273 2282 478 2330 extimoe,
497 2280 616 2322 floris
632 2279 796 2321 laciniae
816 2279 1026 2322 dicuntur
1045 2278 1345 2334 staminigerae.
1362 2275 1448 2317 Nec
1473 2291 1562 2317 cre-

273 2355 420 2395 dimus
440 2352 576 2409 porrb
595 2350 740 2392 ullum
762 2350 965 2392 MORAEAE
977 2358 1138 2407 typum
1158 2363 1342 2404 usquam
1361 2348 1408 2388 in
1431 2346 1561 2389 Ame-

274 2425 361 2466 rica
384 2422 635 2480 provenire.
653 2421 838 2463 MORAEA
864 2419 1079 2462 Her-berti
1099 2419 1317 2477 (Lindley
1345 2419 1394 2460 in
1414 2419 1559 2459 botan.

276 2495 463 2552 register
483 2492 592 2550 549)
610 2493 803 2548 undique
822 2493 1036 2546 MARICA,
1054 2506 1271 2548 nusquam
1286 2490 1471 2533 MORAEA
1483 2496 1557 2530 est.
